@misc{tobien_2016, 
 		title="Pokemon Go: Millionen Spieler – Woher kommt der gigantische Hype?", 
 		url="https://www.welt.de/wirtschaft/webwelt/article157051983/Woher-kommt-der-gigantische-Pokemon-Go-Hype.html", 
 		journal="DIE WELT", 
 		author="Tobien, Jenny", 
 		year="2016", 
 		month="Sep"} 
}

@book{craig_2013, 
	place={Amsterdam}, 
	title={Understanding augmented reality: concepts and applications}, 
	publisher={Morgan Kaufmann}, 
	author={Craig, Alan B.}, 
	year={2013}
}

@phdthesis{cannavo_2020,
  author       = {Alberto Cannavo}, 
  advisor	   = {Prof. Fabrizio Lamberti},
  title        = {Interfaces for human-centered production and use of computer graphics assets},
  school       = {POLITECNICO DI TORINO},
  year         = {2020}
}

@article{attanasio_2017, 
  title		={HOT: Hold your own tools for AR-based constructive art},
  DOI		={10.1109/3dui.2017.7893369}, 
  journal	={2017 IEEE Symposium on 3D User Interfaces (3DUI)}, 
  author	={Attanasio, Giuseppe and Cannavo, Alberto and Cibrario, Francesca and Lamberti, Fabrizio and Montuschi, Paolo and Paravati, Gianluca}, 
  year		={2017}, 
  pages		={256–257}
}

@article{liu_2012, 
  title={Two-Finger Gestures for 6DOF Manipulation of 3D Objects},
  volume={31},
  DOI={10.1111/j.1467-8659.2012.03197.x},
  number={7}, 
  journal={Computer Graphics Forum},
  author={Liu, Jingbo and Au, Oscar Kin-Chung and Fu, Hongbo and Tai, Chiew-Lan},
  year={2012}, 
  pages={2047–2055}
}

@article{cannavo_2017, 
	title={T4T: Tangible interface for tuning 3D object manipulation tools},
	DOI={10.1109/3dui.2017.7893374},
	journal={2017 IEEE Symposium on 3D User Interfaces (3DUI)},
	author={Cannavo, Alberto and Cermelli, Fabio and Chiaramida, Vincenzo and Ciccone, Giovanni and Lamberti, Fabrizio and Montuschi, Paolo and Paravati, Gianluca}, 
	year={2017}, 
	pages={266–267}
}

@article{goh_sunar_ismail_2019, 
	title={3D Object Manipulation Techniques in Handheld Mobile Augmented Reality Interface: A Review}, 
	volume={7}, 
	DOI={10.1109/access.2019.2906394}, 
	journal={IEEE Access}, 
	author={Goh, Eg Su and Sunar, Mohd Shahrizal and Ismail, Ajune Wanis}, 
	year={2019}, 
	month={Mar}, 
	pages={40581–40601}
}

@article{whitlock_harnner_brubaker_kane_szafir_2018, 
	title={Interacting with Distant Objects in Augmented Reality}, 
	DOI={10.1109/vr.2018.8446381}, journal={2018 IEEE Conference on Virtual Reality and 3D User Interfaces (VR)}, 
	author={Whitlock, Matt and Harnner, Ethan and Brubaker, Jed R. and Kane, Shaun and Szafir, Danielle Albers}, 
	year={2018}
}

@article{reitmayr_schmalstieg, 
	title={Mobile collaborative augmented reality}, 
	year={2001},
	DOI={10.1109/isar.2001.970521}, 
	journal={Proceedings IEEE and ACM International Symposium on Augmented Reality}, 
	author={Reitmayr, G. and Schmalstieg, D.}
}

@article{guo_mcmahan_weyers_2017, 
	title={Augmented Reality exhibits of constructive art: 8th annual 3DUI Contest},
	DOI={10.1109/3dui.2017.7893367}, 
	journal={2017 IEEE Symposium on 3D User Interfaces (3DUI)}, 
	author={Guo, Rongkai and Mcmahan, Ryan P. and Weyers, Benjamin}, 
	year={2017}
}

@online{youtube_unity,
        title = {Cross-Platform AR in Unity! – AR Foundation Overview},
        year = {2019},
        month={Apr},
        day={30},
        author={Unity},
        organization = {Youtube},
        url = {https://youtu.be/ml9qVRdEH4k?t=189},
    }